<?xml version="1.0" encoding="UTF-8"?><record xmlns="http://www.loc.gov/MARC21/slim" xmlns:cinclude="http://apache.org/cocoon/include/1.0" xmlns:zs="http://www.loc.gov/zing/srw/">
  <leader>00690cz  a2200145n  4500</leader>
  <controlfield tag="001">no2007079434</controlfield>
  <controlfield tag="003">DLC</controlfield>
  <controlfield tag="005">20120817082556.0</controlfield>
  <controlfield tag="008">070710n| acannaabn          |n ana     c</controlfield>
  <datafield tag="010" ind1=" " ind2=" ">
    <subfield code="a">no2007079434</subfield>
  </datafield>
  <datafield tag="035" ind1=" " ind2=" ">
    <subfield code="a">(OCoLC)oca07465093</subfield>
  </datafield>
  <datafield tag="040" ind1=" " ind2=" ">
    <subfield code="a">ItFiC</subfield>
    <subfield code="b">eng</subfield>
    <subfield code="c">ItFiC</subfield>
    <subfield code="d">DLC</subfield>
  </datafield>
  <datafield tag="111" ind1="2" ind2=" ">
    <subfield code="a">Convegno di studi Carlo Gesualdo nella storia d'Irpinia, della musica e delle arti</subfield>
    <subfield code="d">(2003 :</subfield>
    <subfield code="c">Taurasi, Italy, and Gesualdo, Italy)</subfield>
  </datafield>
  <datafield tag="667" ind1=" " ind2=" ">
    <subfield code="a">THIS 1XX FIELD CANNOT BE USED UNDER RDA UNTIL THIS RECORD HAS BEEN REVIEWED AND/OR UPDATED</subfield>
  </datafield>
  <datafield tag="670" ind1=" " ind2=" ">
    <subfield code="a">All'ombra principesca, c2006:</subfield>
    <subfield code="b">t.p. (Convegno di studi Carlo Gesualdo nella storia d'Irpinia, della musica e delle arti, Taurasi-Gesualdo (Avellino), 6-7 dicembre 2003)</subfield>
  </datafield>
</record>